@misc{ OpenBLAS:wiki,
    author = "{xianyi/OpenBLAS}",
    title = "OpenBLAS Wiki",
    url = "https://github.com/xianyi/OpenBLAS/wiki",
}

@misc{ IntelMKL:doc,
    author = "{Intel}",
    title = "Intel MKL Documentation",
    url = "https://software.intel.com/en-us/mkl/documentation/get-started",
}


@misc{ wiki:toepliz,
    author = "{Wikipedia}",
    title = "Toeplitz matrix",
    url = "https://en.wikipedia.org/wiki/Toeplitz_matrix",
}